@book{HPBN,
    Author = {Grigorik, I.},
    Publisher = {O'Rilley Media, Inc.},
    Title = {{High-Performance Browser Networking}},
    Year = {2013}
}

@book{HPWS,
    Author = {Souders, S.},
    Publisher = {O'Rilley Media, Inc.},
    Title = {{High Performance Web Sites}},
    Year = {2007}
}

@misc{instagram_api,
	Author = {{Instagram}},
	Note = {\url{http://instagram.com/developer/endpoints/users/#get_users}},
	Title = {{User Endpoints}}
}

@misc{latency,
  Author = {Hoffman, B.},
  Note = {\url{http://zoompf.com/blog/2011/12/i-dont-care-how-big-yours-is}},
  Title = {{Bandwidth, Latency, and the Size of your Pipe}}
}

@misc{chunked,
  Author = {Fielding, R. and Reschke, J.},
  Note = {\url{http://tools.ietf.org/html/rfc7230#section-4.1}},
  Title = {{Hypertext Transfer Protocol (HTTP/1.1): Message Syntax and Routing - Chunked Transfer Coding}}
}

@misc{chunked_required,
  Author = {Fielding, R. and Gettys, J. and Mogul, J. and Frystyk, H. and Masinter, L. and Leach, P. and Berners-Lee, T. and Lafon, Y. and Reschke, J.},
  Note = {\url{http://tools.ietf.org/html/draft-ietf-httpbis-p1-messaging-14#section-6.2.1}},
  Title = {{HTTP/1.1, part 1: URIs, Connections, and Message Parsing}}
}

@misc{dropbox_chunked,
  Author = {Mahkovec, Z.},
  Note = {\url{https://tech.dropbox.com/2014/01/retrieving-thumbnails/}},
  Title = {{Improving Dropbox Performance: Retrieving Thumbnails}}
}

@misc{google_gzip,
  Author = {Grigorik, I.},
  Note = {\url{https://developers.google.com/web/fundamentals/performance/optimizing-content-efficiency/optimize-encoding-and-transfer}},
  Title = {{Optimizing encoding and transfer size of text-based assets}}
}

@misc{header_compression,
  Author = {Stenberg , D.},
  Note = {\url{http://daniel.haxx.se/blog/2011/04/18/http-transfer-compression/}},
  Title = {{HTTP transfer compression}}
}

@misc{elixir_processes,
  Author = {Plataformatec},
  Note = {\url{http://elixir-lang.org/getting-started/processes.html}},
  Title = {{Elixir - Getting started - Processes}}
}

@misc{rfc2616,
  Author = {Fielding, R. and Irvine, UC. and Gettys, J. and Mogul, J. and Frystyk, H. and Masinter, L. and Leach, P. and Berners-Lee, T.},
  Title = {{Hypertext Transfer Protocol -- HTTP/1.1. IETF. RFC: 2616.}},
  Note = {\url{https://tools.ietf.org/html/rfc2616}}
}

@misc{rfc2068,
  Author = {Fielding, R. and Irvine, UC. and Gettys, J. and Mogul, J. and Frystyk, H. and Berners-Lee, T.},
  Title = {{Hypertext Transfer Protocol -- HTTP/1.1. RFC: 2068.}},
  Note = {\url{http://tools.ietf.org/html/rfc2068}}
}

@misc{curl,
  Author = {Stenberg, D.},
  Title = {{curl groks URLs}},
  Note = {\url{http://curl.haxx.se/}}
}

@misc{yahoo-performance-4,
  Author = {Souders, S. and YUI Team.},
  Title = {{Performance Research, Part 4: Maximizing Parallel Downloads in the Carpool Lane}},
  Note = {\url{http://yuiblog.com/blog/2007/04/11/performance-research-part-4/}}
}

@book{AASG,
    Author = {Jacobson, D. and Brail, G. and Woods, D.},
    Publisher = {O'Rilley Media, Inc.},
    Title = {{APIs: A Strategy Guide}},
    Year = {2012}
}

@misc{cloud_amazon,
  Author = {Amazon Web Services Inc.},
  Title = {{Amazon EC2 Pricing}},
  Note = {\url{http://aws.amazon.com/ec2/pricing/}}
}

@misc{cloud_microsoft,
  Author = {Microsoft},
  Title = {{Microsoft Azure - Data Transfers Pricing Details}},
  Note = {\url{http://azure.microsoft.com/en-us/pricing/details/data-transfers/}}
}

@misc{plug,
  Author = {Elixir-lang},
  Title = {{Plug---A specification and conveniences for composable modules in between web applications}},
  Note = {\url{https://github.com/elixir-lang/plug}}
}

@misc{poison,
  Author = {Torres, D.},
  Title = {{Poison---An incredibly fast, pure Elixir JSON library
}},
  Note = {\url{https://github.com/devinus/poison}}
}

@misc{hackney,
  Author = {Chesneau, B.},
  Title = {{Hackney---simple HTTP client in Erlang}},
  Note = {\url{https://github.com/benoitc/hackney}}
}

@misc{elixir,
  Author = {Plataformatec},
  Title = {{Elixir}},
  Note = {\url{http://elixir-lang.org}}
}

@misc{streamflow,
	Author = {Jayway},
	Title = {{Streamflow – with citizen service in focus}},
	Note = {\url{http://www.jayway.com/portfolio/streamflow/}}
}

@misc{html5_geolocation,
	Author = {Popescu, A.},
	Title = {{Geolocation API Specification}},
	Note = {\url{http://dev.w3.org/geo/api/spec-source.html}}
}

@misc{netflix,
	Author = {Christensen, B.}, 
	Title = {{Optimizing the Netflix API}},
	Note = {\url{http://techblog.netflix.com/2013/01/optimizing-netflix-api.html}}
}

@book{code_complete,
    Author = {McConnell, S. C.},
    Publisher = {Microsoft Press},
    Title = {{Code Complete, 2nd edition}},
    Year = {2004}
}

@misc{http2_ssl,
	Title = {{Next-gen HTTP 2.0 protocol will require HTTPS encryption (most of the time)}},
	Note = {\url{http://www.pcworld.com/article/2061189/next-gen-http-2-0-protocol-will-require-https-encryption-most-of-the-time-.html}}
}

@misc{azure_rate_limit,
	Author = {Microsoft},
	Title = {{API Management access restriction policies}},
	Note = {\url{https://msdn.microsoft.com/library/azure/dn894078.aspx}}
}

@misc{facebook_batch_requests,
	Author = {Facebook},
	Title = {{Graph API, Making Batch Requests}},
	Note = {\url{https://developers.facebook.com/docs/graph-api/making-multiple-requests}}
}

@misc{apigee_rate_limit,
	Author = {Apigee Corp.},
	Title = {{Comparing Quota, Spike Arrest, and Concurrent Rate Limit Policies}},
	Note = {\url{http://apigee.com/docs/api-services/content/comparing-quota-spike-arrest-and-concurrent-rate-limit-policies}}
}

@misc{xml_json,
    Author = {Goessner, S.},
    Publisher = {O'Reilly Media, Inc.},
    Year = {2006},
	Title = {{Converting Between XML and JSON}},
	Note = {\url{http://www.xml.com/lpt/a/1658}}
}

@misc{jsonx,
	Title = {{JsonX}},
	Note = {\url{http://www-01.ibm.com/support/knowledgecenter/SS9H2Y_6.0.0/com.ibm.dp.xm.doc/json_jsonx.html}}
}

@misc{jsonml,
	Author = {McKamey, M. S.},
	Title = {{JsonML}},
	Note = {\url{http://www.jsonml.org/}}
}

@misc{jsonx_jsonml,
	Title = {{Convert Json to JsonX to JsonML and so on..}},
	Note = {\url{http://orihoch.uumpa.com/jsonxml/}}
}

@misc{ecmascript_5,
	Author = {Ecma International},
	Title = {{Standard ECMA-262 ECMAScript® Language Specification Edition 5.1 (June 2011)}},
	Note = {\url{http://www.ecma-international.org/publications/standards/Ecma-262.htm}}
}

@misc{soap_fix,
	Author = {Kohlhoff, C. and Steele, R.},
	Title = {{Evaluating SOAP for High Performance Business Applications: Real-Time Trading Systems}},
	Note = {\url{http://www2003.org/cdrom/papers/alternate/P872/p872-kohlhoff.html}}
}

@misc{soap_amazon,
	Author = {O'Reilly, T.},
	Title = {{REST vs. SOAP at Amazon}},
	Note = {\url{http://archive.oreilly.com/lpt/wlg/3005}}
}

@misc{azure_api_management,
	Author = {Microsoft},
	Title = {{Microsoft Azure API Management}},
	Note = {\url{http://azure.microsoft.com/en-us/services/api-management/?b=15-05}}
}

@misc{apigee_edge,
	Author = {Apigee Corp.},
	Title = {{Apigee Edge}},
	Note = {\url{http://apigee.com/about/products/apis-and-edge}}
}

@misc{ibm_api_management,
	Author = {IBM},
	Title = {{IBM API Management}},
	Note = {\url{http://www-03.ibm.com/software/products/sv/api-management}}
}

@misc{http_status_codes,
	Author = {Fielding, R. and Irvine, UC. and Gettys, J. and Mogul, J. and Frystyk, H. and Masinter, L. and Leach, P. and Berners-Lee, T.},
	Title = {{Status Code Definitions}},
	Note = {\url{http://www.w3.org/Protocols/rfc2616/rfc2616-sec10.html}}
}

@misc{css_sprites,
	Title = {{The Mystery Of CSS Sprites: Techniques, Tools And Tutorials}},
	Author = {Lennartz, S.},
	Note = {\url{http://www.smashingmagazine.com/2009/04/27/the-mystery-of-css-sprites-techniques-tools-and-tutorials/}}
}

@misc{js_concat,
	Title = {{Fantastic front-end performance Part 1}},
	Author = {Tomlinson, S.},
	Note = {\url{https://hacks.mozilla.org/2012/12/fantastic-front-end-performance-part-1-concatenate-compress-cache-a-node-js-holiday-season-part-4/}}
}